%
% media
%

@misc{ForrestGumpMovie,
	author = "Robert Zemeckis",
	title = "{Forrest Gump} [motion picture]",
	howpublished = "United States, Paramount Pictures",
	year = 1994,
}

@misc{ForrestGumpiGermanAD,
	author = "Olaf Koop and Hela Michalski and Rudolf Beckmann and Thomas Meinhardt and Bernd Benecke",
	title = "{Forrest Gump} [{G}erman audio description of the motion picture]",
	howpublished = "{H\"orfilm e.V. Berlin} and {Schweizer Radio und Fernsehen}, produced by {Bayrischer Rundfunk}",
	year = 2009,
}

@misc{ForrestGumpDVD,
	author = "Robert Zemeckis",
	title = "{Forrest Gump} [motion picture, dubbed German soundtrack]",
	howpublished = "DVD, Paramount Home Entertainment (Germany)",
	year = 2002,
	note = "{PAL} video, {DE103519SV}"
}

%
% software
%
@Article{ JBB+02,
	title = "Improved optimisation for the robust and accurate linear registration and motion correction of brain images",
	author = "M. Jenkinson and P. R. Bannister and J. M. Brady and S. M. Smith",
	journal = "NeuroImage",
	volume = "17",
	year = "2002",
	pages = "825--841"
}

@article{GBM+11,
  author={Gorgolewski, K. and Burns, C. D. and Madison, C. and Clark, D. and Halchenko, Y. O. and Waskom, M. L. and Ghosh, S. S.},
  year=2011,
  title={{Nipype}: a flexible, lightweight and extensible neuroimaging data processing framework in {Python}},
  journal={Front. Neuroinform.},
  volume={5},
  number={13}
}

@misc{audacity,
	author = "{A}udacity developers",
	title = "{Audacity (Version 2.0.1) [computer program]}",
	howpublished = "\url{http://audacity.sourceforge.net}. Retrieved from the {Debian} archive at version 2.0.1-1",
	year = 2012
}

@misc{melt,
	author = {Charles Yates and Dan Dennedy},
	title = "{{MLT} Multimedia Framework (Version 0.8.0) [computer program]}",
	howpublished = "\url{http://www.mltframework.org}. Retrieved from the {Debian} archive at version 0.8.0-4",
	year = 2012
}


@misc{handbrake,
	author = "{H}andbreak team",
	title = "{Handbreak} (Version 0.9.8) [computer program]",
	howpublished = "\url{http://handbrake.fr}. Retrieved from \url{http://www.deb-multimedia.org} at version 0.9.8+git20121007-dmo5",
	year = 2012
}

@misc{mricron,
	author = "Chris Rorden",
	title = "{MRICron} (Version May 5, 2012) [computer program]",
	howpublished = "\url{http://www.mccauslandcenter.sc.edu/mricro/mricron}. Retrieved from the {Debian} archive at version 0.20120505.1~dfsg.1-1",
	year = 2012
}

@misc{mcverter,
	author = "Jolinda Smith",
	title = "{MRIConvert} (Version 2.0.250) [computer program]",
	howpublished = "\url{http://lcni.uoregon.edu/~jolinda/MRIConvert}. Retrieved from the {Debian} archive at version 2.0.250-1",
	year = 2013
}


@misc{flac,
	author = "Josh Coalson",
	title = "{Free Lossless Audio Codec} (Version 1.2.1) [computer program]",
	howpublished = "\url{http://flac.sourceforge.net}. Retrieved from the {Debian} archive at version 1.2.1-6",
	year = 2007
}

@article{psychopy,
  title={Generating stimuli for neuroscience using PsychoPy},
  author={Peirce, Jonathan W},
  year={2009}
}

@article{eyelink,
  title={The Eyelink Toolbox: eye tracking with MATLAB and the Psychophysics Toolbox},
  author={Cornelissen, Frans W and Peters, Enno M and Palmer, John},
  journal={Behavior Research Methods, Instruments, \& Computers},
  volume={34},
  number={4},
  pages={613--617},
  year={2002},
  publisher={Springer}
}

%
% articles
%
@inproceedings{Jos1997,
	author = {Josephs, Oliver. et al.},
	year = 1997,
	title = {Physiological noise modelling for multi-slice {EPI} {fMRI} using {SPM}},
	booktitle = {5th Proc Intl Soc Magn Reson Med.},
	number = 1682
}

@article{HJS+2011,
	journal = {NeuroImage},
	year = 2011,
	volume = {57},
	pages = {101--112},
	title = {The impact of physiological noise correction on {fMRI} at {7T}},
	author = {C. Hutton and Oliver Josephs and J. Stadler and E. Featherstone and A. Reid and O. Speck and J. Bernarding and N. Weiskopf}
}


@article{hasson2004intersubject,
  title={Intersubject synchronization of cortical activity during natural vision},
  author={Hasson, Uri and Nir, Yuval and Levy, Ifat and Fuhrmann, Galit and Malach, Rafael},
  journal={Science},
  volume={303},
  number={5664},
  pages={1634--1640},
  year={2004},
  publisher={American Association for the Advancement of Science}
}

@article{kriegeskorte2013representational,
  title={Representational geometry: integrating cognition, computation, and the brain},
  author={Kriegeskorte, Nikolaus and Kievit, Rogier A},
  journal={Trends~Cogn.~Sci.},
  year={2013},
  publisher={Elsevier}
}

@article{yarkoni2011large,
  title={Large-scale automated synthesis of human functional neuroimaging data},
  author={Yarkoni, Tal and Poldrack, Russell A and Nichols, Thomas E and Van Essen, David C and Wager, Tor D},
  journal={Nat.~Methods},
  volume={8},
  number={8},
  pages={665--670},
  year={2011},
  publisher={Nature Publishing Group}
}

@Misc{scipy,
  author =    {Eric Jones and Travis Oliphant and Pearu Peterson and others},
  title =     {{SciPy}: Open source scientific tools for {Python}},
  year =      {2001},
  url = "http://www.scipy.org/"
}

@article{hanke2010statistical,
  title = "Statistical learning analysis in neuroscience: aiming for transparency",
  author = "Michael Hanke and Yaroslav O. Halchenko and James V. Haxby and Stefan Pollmann",
  journal = "Front.~Neurosci.",
  year = "2010",
  volume = "4",
  pages = "38",
  note = "PMC2891484",
}


@article{DFS99,
  author={Dale, A.M. and Fischl, B. and Sereno, M.I.},
  year={1999},
  title={Cortical surface-based analysis. {I.} {S}egmentation and surface reconstruction},
  journal={NeuroImage},
  volume={9},
  pages={179--194}
}

@article{shepherd2010human,
  title={Human-monkey gaze correlations reveal convergent and divergent patterns of movie viewing},
  author={Shepherd, S.V. and Steckenfinger, S.A. and Hasson, U. and Ghazanfar, A.A.},
  journal={Curr.~Biol.},
  volume={20},
  number={7},
  pages={649--656},
  year={2010},
  publisher={Elsevier}
}

@article{hanke2009pymvpa,
  author = {Michael Hanke and Yaroslav O. Halchenko and Per B. Sederberg and Emanuele Olivetti and Ingo Fr{\"u}nd and Jochem W. Rieger and Christoph S. Herrmann and James V. Haxby and Stephen Jos{\'e} Hanson and Stefan Pollmann},
  title = "{PyMVPA}: A Unifying Approach to the Analysis of Neuroscientific Data",
  journal = "Front.~Neuroinform.",
  year = "2009",
  volume = "3",
  number = "3",
  note = "{PMC2638552}"
}

@article{berg2009free,
  title={Free viewing of dynamic stimuli by humans and monkeys},
  author={Berg, D.J. and Boehnke, S.E. and Marino, R.A. and Munoz, D.P. and Itti, L.},
  journal={J.~Vision},
  volume={9},
  number={5},
  year={2009},
  publisher={Association for Research in Vision and Ophthalmology}
}

@article{itti2001computational,
  title={Computational modeling of visual attention},
  author={Itti, L. and Koch, C.},
  journal={Nat.~Rev.~Neurosci.},
  volume={2},
  number={3},
  pages={194--203},
  year={2001}
}

@article{dorr2010variability,
  title={Variability of eye movements when viewing dynamic natural scenes},
  author={Dorr, M. and Martinetz, T. and Gegenfurtner, K.R. and Barth, E.},
  journal={J.~Vision},
  volume={10},
  number={10},
  year={2010},
  publisher={Association for Research in Vision and Ophthalmology}
}

@article{wang2012temporal,
  title={Temporal eye movement strategies during naturalistic viewing},
  author={Wang, H.X. and Freeman, J. and Merriam, E.P. and Hasson, U. and Heeger, D.J.},
  journal={J.~Vision},
  volume={12},
  number={1},
  year={2012},
  publisher={Association for Research in Vision and Ophthalmology}
}

@article{hasson2008enhanced,
  title={Enhanced intersubject correlations during movie viewing correlate with successful episodic encoding},
  author={Hasson, U. and Furman, O. and Clark, D. and Dudai, Y. and Davachi, L.},
  journal={Neuron},
  volume={57},
  number={3},
  pages={452--462},
  year={2008},
  publisher={Elsevier}
}

@article{golland2007extrinsic,
  title={Extrinsic and intrinsic systems in the posterior cortex of the human brain revealed during natural sensory stimulation},
  author={Golland, Y. and Bentin, S. and Gelbard, H. and Benjamini, Y. and Heller, R. and Nir, Y. and Hasson, U. and Malach, R.},
  journal={Cereb.~Cortex},
  volume={17},
  number={4},
  pages={766--777},
  year={2007},
  publisher={Oxford Univ Press}
}

@article{SSC+10,
  author = {Mert R. Sabuncu and Benjamin D. Singer and Bryan Conroy and Ronald E. Bryan and Peter J. Ramadge and James V. Haxby},
  title={Function-based Intersubject Alignment of Human Cortical Anatomy},
  journal={Cereb.~Cortex},
  volume={20},
  pages={130--140},
  year={2010}
}

@inproceedings{ASJ08,
  title={{FNIRT-FMRIBâ€™s} non-linear image registration tool},
  author={Andersson, J and Smith, S and Jenkinson, M},
  booktitle={{14th} Annual Meeting of the Organization for Human Brain Mapping - HBM},
  number = {14},
  pages={15--19},
  year={2008}
}

@inproceedings{CSH+09,
  author = {B. Conroy and B. Singer and J. V. Haxby and P. J. Ramadge},
  year = 2009,
  title = {{fMRI}-based inter-subject cortical alignment using functional connectivity},
  booktitle = {Advances in Neural Information Processing Systems},
  editor = {Y. Bengio and D. Schuurmans and J. Lafferty and C. K. I. Williams and A. Culotta},
  number = {22},
  pages = {378--386},
}
@article{kriegeskorte2006information,
  title={Information-based functional brain mapping},
  author={Kriegeskorte, Nikolaus and Goebel, Rainer and Bandettini, Peter},
  journal={P.~Natl.~Acad.~Sci.~USA},
  volume={103},
  number={10},
  pages={3863--3868},
  year={2006},
  publisher={National Acad Sciences}
}

@article{KMB08,
   author={Kriegeskorte, Nikolaus  and  Mur, Marieke  and  Bandettini, Peter A},
   title={Representational similarity analysis - connecting the branches of systems neuroscience},
   journal={Front.~Syst.~Neurosci.},
   volume={2},
   year=2008,
   number={4},
}

@article{van2001integrated,
  title={An integrated software suite for surface-based analyses of cerebral cortex},
  author={Van Essen, David C and Drury, Heather A and Dickson, James and Harwell, John and Hanlon, Donna and Anderson, Charles H},
  journal={J.~Am.~Med.~Inform.~Assn.},
  volume={8},
  number={5},
  pages={443--459},
  year={2001},
  publisher={BMJ Publishing Group Ltd}
}

@article{Pei07,
  title={PsychoPy---Psychophysics software in {Python}},
  author={Jonathan W. Peirce},
  journal={J.~Neurosc.~Meth.},
  year={2007},
  pages={8--13},
  volume={162},
}

@article{Mantini2012,
  Title                    = {Interspecies activity correlations reveal functional correspondence between monkey and human brain areas},
  Author                   = {Mantini, Dante and Hasson, Uri and Betti, Viviana and Perrucci, Mauro G. and Romani, Gian Luca and Corbetta, Maurizio and Orban, Guy A. and Vanduffel, Wim},
  Journal                  = {Nat.~Methods},
  Year                     = {2012},
  Month                    = {Mar},
  Number                   = {3},
  Pages                    = {277--282},
  Volume                   = {9},
}

@article{Mantini2012b,
title = {Data-driven analysis of analogous brain networks in monkeys and humans during natural vision},
journal = {NeuroImage},
volume = {63},
number = {3},
pages = {1107--1118},
year = {2012},
author = {Dante Mantini and Maurizio Corbetta and Gian Luca Romani and Guy A. Orban and Wim Vanduffel}
}

@online{IMDb,
author = {{Internet Movie Data Base}},
title = {{Forrest Gump}: Description},
month = oct,
year = {2013},
url = {http://www.imdb.com/title/tt0109830}
}

@article{FDH+07,
  author = {Furman, O. and Dorfman, N. and Hasson, U. and Davachi, L. and Dudai, Y.},
  year=2007,
  title={They saw a movie: Long-term memory for an extended audiovisual narrative},
  journal={Learn.~Memory},
  volume={14},
  pages={457--467}
}

@article{PBM+13,
  AUTHOR={Poldrack, Russell A  and  Barch, Deanna M  and  Mitchell, Jason  and  Wager, Tor  and  Wagner, Anthony D  and  Devlin, Joseph T  and  Cumba, Chad  and  Koyejo, Oluwasanmi  and  Milham, Michael},
  TITLE={Towards open sharing of task-based {fMRI} data: {The OpenfMRI} project},
  JOURNAL={Front. Neuroinform.},
  VOLUME={7},
  YEAR={2013},
  NUMBER={12},
}

@article{HBI+14,
  doi = {10.1038/sdata.2014.3},
  year = {2014},
  publisher = {Nature Publishing Group},
  volume = {1},
  author = "Michael Hanke and Florian J. Baumgartner and Pierre Ibe and Falko R. Kaule and Stefan Pollmann and Oliver Speck and Wolf Zinke and JÃ¶rg Stadler",
  title = {{A high-resolution 7-Tesla {fMRI} dataset from complex natural stimulation with an audio movie}},
  journal = {Scientific Data},
}

@article{Pie2007,
       title = "{PsychoPy}--{P}sychophysics software in {P}ython",
       author = "J.W. Peirce",
       publisher = "Elsevier",
       journal = "Journal of Neuroscience Methods",
       pages = "8--13",
       volume = "162",
       number = "1-2",
       year = "2007"
}

@article{HHS09b,
  title = {{PyMVPA: A Unifying Approach to the Analysis of Neuroscientific Data.}},
  date = {2009},
  authors = {Hanke, M and Halchenko, YO and Sederberg, PB and Olivetti, E and FrÃ¼nd, I and Rieger, JW and Herrmann, CS and Haxby, JV and Hanson, SJ and Pollmann, S},
  author = {Hanke, M and Halchenko, YO and Sederberg, PB and Olivetti, E and FrÃ¼nd, I and Rieger, JW and Herrmann, CS and Haxby, JV and Hanson, SJ and Pollmann, S},
  year = {2009},
  journal = {Frontiers in Neuroinformatics},
  volume = {3},
  number = {},
  pages = {3},
  pubmed_id = {19212459},
}

@article{SJW+2004,
  title = {{Advances in functional and structural MR image analysis and implementation as FSL.}},
  date = {2004},
  source = {NeuroImage},
  authors = {Smith, SM and Jenkinson, M and Woolrich, MW and Beckmann, CF and Behrens, TE and Johansen-Berg, H and Bannister, PR and De, Luca M and Drobnjak, I and Flitney, DE and Niazy, RK and Saunders, J and Vickers, J and Zhang, Y and De, Stefano N and Brady, JM and Matthews, PM},
  author = {Smith, SM and Jenkinson, M and Woolrich, MW and Beckmann, CF and Behrens, TE and Johansen-Berg, H and Bannister, PR and De, Luca M and Drobnjak, I and Flitney, DE and Niazy, RK and Saunders, J and Vickers, J and Zhang, Y and De, Stefano N and Brady, JM and Matthews, PM},
  year = {2004},
  journal = {NeuroImage},
  volume = {23},
  number = {},
  pages = {208--219},
  pubmed_id = {15501092},
}

@article{WRB+2001,
  author = {M.W. Woolrich and B.D. Ripley and J.M. Brady and S.M. Smith},
  title = {Temporal Autocorrelation in Univariate Linear Modelling of FMRI Data},
  journal = {NeuroImage},
  volume = {14},
  pages = {1370-1386},
  year = 2001
}

@article{Per2008,
  title={Generating stimuli for neuroscience using PsychoPy},
  author={Peirce, Jonathan W},
  journal={Frontiers in Neuroinformatics},
  volume={2},
  year={2008}
}

@article{ HH12,
	author = "Yaroslav O. Halchenko and Michael Hanke",
	issn = "1662-5196",
	journal = "Frontiers in Neuroinformatics",
	number = 00022,
	title = "{Open is not enough. {L}et's take the next step: {A}n integrated, community-driven computing platform for neuroscience}",
	volume = 6,
	year = 2012,
}

@Article{ HGC+11,
	title = "A Common, High-Dimensional Model of the Representational Space in Human Ventral Temporal Cortex",
	author = "James V. Haxby and J. Swaroop Guntupalli and Andrew C. Connolly and Yaroslav O. Halchenko and Bryan R. Conroy and M. Ida Gobbini and Michael Hanke and Peter J. Ramadge",
	publisher = "Cell Press",
	journal = "Neuron",
	pages = "404--416",
	volume = "72",
	number = "2",
	year = "2011",
	doi = "10.1016/j.neuron.2011.08.026"
}

@article{LRS+2015,
  author={Annika Labs and Theresa Reich and Helene Schulenburg and Manuel Boennen and Mareike Gehrke and Madleen Golz and Benita Hartigs and Nico Hoffmann and Sebastian Keil and MalÃº Perlow and Anne Katrin Peukmann and Lea Noell Rabe and Franca-Rosa von Sobbe and Michael Hanke},
 year=2015,
 title={Portrayed emotions in the movie "{Forrest Gump}"},
 journal={F1000Research},
 volume={4:92}
}

@article{HDH+2015,
  author={Michael Hanke and Richard Dinga and Christian H\"ausler and J.~Swaroop Guntupalli and Michael Casey and Falko R. Kaule and J\"org Stadler},
  year=2015,
  title={High-resolution {7-Tesla fMRI} data on the perception of musical genres -- an extension to the studyforrest dataset},
  journal={F1000Research},
  volume={4:174}
}

@article{HH2015,
  author={Hanke, M. and Halchenko, Y. O.},
  year=2015,
  title={A communication hub for a decentralized collaboration on studying real-life cognition},
  journal={F1000Research},
  volume={4:62}
}


@article{GVR+2015,
 author={Gorgolewski, Krzysztof Jacek  and  Varoquaux, Gael  and  Rivera, Gabriel  and  Schwartz, Yannick  and  Ghosh, Satrajit S  and  Maumet, Camille  and  Sochat, Vanessa V  and  Nichols, Thomas E.  and  Poldrack, Russell A.  and  Poline, Jean-Baptiste  and  Yarkoni, Tal  and  Margulies, Daniel S.}, title={{NeuroVault.org}: A web-based repository for collecting and sharing unthresholded statistical maps of the human brain},
 journal={Frontiers in Neuroinformatics},
 volume=9,
 year=2015,
 number=8,
 doi={10.3389/fninf.2015.00008}
}

@article{WSF+2010,
  title={Controlling low-level image properties: the SHINE toolbox},
  author={Willenbockel, Verena and Sadr, Javid and Fiset, Daniel and Horne, Greg O and Gosselin, Fr{\'e}d{\'e}ric and Tanaka, James W},
  journal={Behavior Research Methods},
  volume={42},
  number={3},
  pages={671--684},
  year={2010},
  publisher={Springer}
}

@article{DJS+2001,
  title={A cortical area selective for visual processing of the human body},
  author={Downing, Paul E and Jiang, Yuhong and Shuman, Miles and Kanwisher, Nancy},
  journal={Science},
  volume={293},
  number={5539},
  pages={2470--2473},
  year={2001},
  publisher={American Association for the Advancement of Science}
}

@article{BDML2010,
  title={The {Bank of Standardized Stimuli (BOSS)}, a new set of 480 normative photos of objects to be used as visual stimuli in cognitive research},
  author={Brodeur, Mathieu B and Dionne-Dostie, Emmanuelle and Montreuil, Tina and Lepage, Martin},
  journal={PloS One},
  volume={5},
  number={5},
  pages={e10773},
  year={2010},
  publisher={Public Library of Science}
}

@misc{EBAURL,
	author = {Paul Downing},
	title = {Localizer stimuli for the extrastriate body area},
	howpublished = "\url{http://pages.bangor.ac.uk/~pss811/page7/files/EBA_localizer.zip}.",
	year = {2001}
}

@misc{BOSSURL,
	author = {Mathieu Brodeur and Martin Lepage and Katherine Gu\'erard},
	title = {{Bank Of Standardized Stimuli (BOSS)}},
	howpublished = "\url{https://sites.google.com/site/bosstimuli/home}. Released under {CC BY-SA} 3.0",
	year = {2009}
}

@misc{CBCLURL,
	author = {Stan Bileschi},
	title = {{CBCL} {Street} scence database},
	howpublished = "\url{http://cbcl.mit.edu/software-datasets/streetscenes/}",
	year = {2007}
}

@article {GAC+16,
	author = {Gorgolewski, Krzysztof Jacek and Auer, Tibor and Calhoun, Vince D. and Craddock, R. Cameron and Das, Samir and Duff, Eugene P. and Flandin, Guillaume and Ghosh, Satrajit S. and Glatard, Tristan and Halchenko, Yaroslav O. and Handwerker, Daniel A. and Hanke, Michael and Keator, David and Li, Xiangrui and Michael, Zachary and Maumet, Camille and Nichols, B. Nolan and Nichols, Thomas E. and Poline, Jean-Baptiste and Rokem, Ariel and Schaefer, Gunnar and Sochat, Vanessa and Turner, Jessica A. and Varoquaux, Ga{\"e}l and Poldrack, Russell A.},
	title = {The Brain Imaging Data Structure: a standard for organizing and describing outputs of neuroimaging experiments},
	year = {2016},
	journal = {Scientific Data}
}

@article{SYS+16,
	author = {Sengupta, A. and Yakupov, R. and Speck, O. and Pollmann, S. and Hanke, M.},
	title = {What is the optimal spatial resolution for {BOLD fMRI} decoding analyses at 7 {Tesla}?},
	journal = {NeuroImage},
	year = {2016},
	pages = {under Revision}
}

@article{SKG+16,
	author = {Ayan Sengupta and Falko Kaule and J. Swaroop Guntupalli and Michael HHoffmann and Christian HÃ¤usler and JÃ¶rg Stadler and Michael Hanke},
	journal = {Scientific Data},
	year = {2016},
	title = {A studyforrest extension, retinotopic mapping and localization of higher visual areas},
	pages = {submitted}
}

@misc{KNG2011,
  author = {Kay, K.N. and Naselaris, T. and Gallant, J.},
  year = {2011},
  title = {{fMRI} of human visual areas in response to natural images},
  howpublished = {CRCNS.org},
  doi = {10.6080/K0QN64NG},
}

@misc{Man2015,
  author = {Damien J. Mannion},
  year = {2015},
  title = {{fMRI} responses of human visual cortex (v1, v2, v3) to natural image patches obtained from above and below the centre of gaze of an observer freely-navigating an outdoor environment},
  howpublished = {CRCNS.org.},
  doi = {10.6080/K0JS9NC2},
}

@misc{NVN+14,
  author = {Shinji Nishimoto and An T. Vu and Thomas Naselaris and Yuval Benjamini and Bin Yu and Jack L. Gallant},
  year = {2014},
  title = {Gallant Lab Natural Movie {4T} {fMRI} Data},
  howpublished = {CRCNS.org},
  doi = {10.6080/K00Z715X},
  url = {http://dx.doi.org/10.6080/K00Z715X}
}

@misc{AT2015,
  author = {Elissa M. Aminoff and Michael J. Tarr},
  year = 2015,
  title = {Associative processing is inherent in scene perception},
  howpublished = {OpenfMRI dataset ds000149},
  url = {https://openfmri.org/dataset/ds000149}
}

@article{HaHo2012,
  title={Future trends in Neuroimaging: Neural processes as expressed within real-life contexts},
  author={Hasson, Uri and Honey, Christopher J},
  journal={NeuroImage},
  volume={62},
  number={2},
  pages={1272--1278},
  year={2012},
  publisher={Elsevier}
}

@inproceedings{CCY+15,
  title={A Reduced-Dimension {fMRI} Shared Response Model},
  author={Chen, Po-Hsuan Cameron and Chen, Janice and Yeshurun, Yaara and Hasson, Uri and Haxby, James and Ramadge, Peter J},
  booktitle={Advances in Neural Information Processing Systems},
  pages={460--468},
  year={2015}
}

@article{BKT+98,
  author = {Baumgart, F. and Kaulisch, T. and Tempelmann, C. and Gaschler-Markefski, B. and Tegeler, C. and Schindler, F. and Stiller, D. and Scheich, H.},
  year = 1998,
  title = {Electrodynamic headphones and woofers for application in magnetic resonance imaging scanners},
  journal = {Med. Phys.},
  volume = 25,
  pages = {2068--2070}
}

@article{ASB2016,
  author = {Nicole Angenstein and J\"org Stadler, Andre Brechmann},
  title = {Auditory intensity processing: Effect of {MRI} background noise},
  journal = {Hearing Research},
  year = {2016},
  pages = {accepted},
  doi = {10.1016/j.heares.2016.01.007}
}

@Article{Wandell2007,
	Title                    = {Visual field maps in human cortex},
	Author                   = {Wandell, Brian A and Dumoulin, Serge O and Brewer, Alyssa A},
	Journal                  = {Neuron},
	Year                     = {2007},
	Number                   = {2},
	Pages                    = {366--383},
	Volume                   = {56},
	Owner                    = {fkaule},
	Publisher                = {Elsevier},
}
	
@Article{Silver2009,
	Title                    = {Topographic maps in human frontal and parietal cortex},
	Author                   = {Silver, Michael A and Kastner, Sabine},
	Journal                  = {Trends in Cognitive Sciences},
	Year                     = {2009},
	Number                   = {11},
	Pages                    = {488--495},
	Volume                   = {13},
	Owner                    = {fkaule},
	Publisher                = {Elsevier},
}

@Article{Arcaro2009,
	Title                    = {Retinotopic organization of human ventral visual cortex},
	Author                   = {Arcaro, Michael J and McMains, Stephanie A and Singer, Benjamin D and Kastner, Sabine},
	Journal                  = {The Journal of Neuroscience},
	Year                     = {2009},
	Number                   = {34},
	Pages                    = {10638--10652},
	Volume                   = {29},	
	Owner                    = {fkaule},
	Publisher                = {Soc Neuroscience},
}

@Article{Kaule2014,
	Title                    = {Impact of chiasma opticum malformations on the organization of the human ventral visual cortex},
	Author                   = {Kaule, Falko R. and Wolynski, Barbara and Gottlob, Irene and Stadler, Joerg and Speck, Oliver and Kanowski, Martin and Meltendorf, Synke and Behrens-Baumann, Wolfgang and Hoffmann, Michael B.},
	Journal                  = {Hum. Brain Mapp.},
	Year                     = {2014},	
	Month                    = apr,
	Pages                    = {5093--5105},
	Doi                      = {10.1002/hbm.22534},
	ISSN                     = {1065-9471},
	Publisher                = {Wiley-Blackwell}
}

@Article{Mazziotta2001,
	Title                    = {A probabilistic atlas and reference system for the human brain: {International Consortium for Brain Mapping (ICBM)}},
	Author                   = {Mazziotta, John and Toga, Arthur and Evans, Alan and Fox, Peter and Lancaster, Jack and Zilles, Karl and Woods, Roger and Paus, Tomas and Simpson, Gregory and Pike, Bruce and others},
	Journal                  = {Philosophical Transactions of the Royal Society of London B: Biological Sciences},
	Year                     = {2001},
	Number                   = {1412},
	Pages                    = {1293--1322},
	Volume                   = {356},
	
	Owner                    = {fkaule},
	Publisher                = {The Royal Society},
	Timestamp                = {2016.03.02}
}

@article{THK+2005,
  doi = {10.1016/j.neuroimage.2005.01.007},
  year = {2005},
  month = {may},
  publisher = {Elsevier {BV}},
  volume = {26},
  number = {1},
  pages = {243--250},
  author = {C. Triantafyllou and R.D. Hoge and G. Krueger and C.J. Wiggins and A. Potthast and G.C. Wiggins and L.L. Wald},
  title = {{Comparison of physiological noise at 1.5 T, 3 T and 7 T and optimization of {fMRI} acquisition parameters}},
  journal = {{NeuroImage}},
}

@article{warnking_2002,
  doi = {10.1006/nimg.2002.1304},
  title = {{fMRI retinotopic mapping--step by step.}},
  date = {2002 Dec},
  source = {NeuroImage},
  authors = {Warnking, J and Dojat, M and GuÃ©rin-DuguÃ©, A and Delon-Martin, C and Olympieff, S and Richard, N and ChÃ©hikian, A and Segebarth, C},
  author = {Warnking, J and Dojat, M and GuÃ©rin-DuguÃ©, A and Delon-Martin, C and Olympieff, S and Richard, N and ChÃ©hikian, A and Segebarth, C},
  year = {2002},
  month = {},
  journal = {NeuroImage},
  volume = {17},
  number = {},
  pages = {1665-83},
  pubmed_id = {12498741},
}

@article{engel_1997,
  doi = {10.1093/cercor/7.2.181},
  title={Retinotopic organization in human visual cortex and the spatial precision of functional {MRI}},
  author={Engel, Stephen A and Glover, Gary H and Wandell, Brian A},
  journal={Cerebral Cortex},
  volume={7},
  number={2},
  pages={181--192},
  year={1997},
  publisher={Oxford Univ Press}
}

@article{dale_1999,
  doi = {10.1006/nimg.1998.0395},
  title={Cortical surface-based analysis: {I.} {S}egmentation and surface reconstruction},
  author={Dale, Anders M and Fischl, Bruce and Sereno, Martin I},
  journal={NeuroImage},
  volume={9},
  number={2},
  pages={179--194},
  year={1999},
  publisher={Elsevier}
}

@article{Dumoulin_2008,
	doi = {10.1016/j.neuroimage.2007.09.034},
	year = 2008,
	month = {jan},
	publisher = {Elsevier {BV}},
	volume = {39},
	number = {2},
	pages = {647--660},
	author = {Serge O. Dumoulin and Brian A. Wandell},
	title = {Population receptive field estimates in human visual cortex},
	journal = {{NeuroImage}}
}
@article{Sereno_2012,
	doi = {10.1093/cercor/bhs213},
	year = 2012,
	month = {jul},
	publisher = {Oxford University Press ({OUP})},
	volume = {23},
	number = {9},
	pages = {2261--2268},
	author = {M. I. Sereno and A. Lutti and N. Weiskopf and F. Dick},
	title = {Mapping the Human Cortical Surface by Combining Quantitative {T1} with Retinotopy},
	journal = {Cerebral Cortex}
}
@article{Cox_1996,
	doi = {10.1006/cbmr.1996.0014},
	year = 1996,
	month = {jun},
	publisher = {Elsevier {BV}},
	volume = {29},
	number = {3},
	pages = {162--173},
	author = {Robert W. Cox},
	title = {{AFNI}: Software for Analysis and Visualization of Functional Magnetic Resonance Neuroimages},
	journal = {Computers and Biomedical Research}
}
@Article{Engel1994,
  Title                    = {{fMRI} of human visual cortex.},
  Author                   = {Engel, Stephen A and Rumelhart, David E and Wandell, Brian A and Lee, Adrian T and Glover, Gary H and Chichilnisky, Eduardo-Jose and Shadlen, Michael N},
  Journal                  = {Nature},
  Year                     = {1994},

  File                     = {notes:Engel1994_notes.pdf:PDF},
  Owner                    = {fkaule},
  Publisher                = {Nature Publishing Group},
  Timestamp                = {2015.03.31}
}
@article{WandellANDWinawer2011,
  title={Imaging retinotopic maps in the human brain},
  author={Wandell, Brian A and Winawer, Jonathan},
  journal={Vision research},
  volume={51},
  number={7},
  pages={718--737},
  year={2011},
  publisher={Elsevier}
}
@article{Dumoulin2011,
  title={The relationship between cortical magnification factor and population receptive field size in human visual cortex: constancies in cortical architecture},
  author={Harvey, Ben M and Dumoulin, Serge O},
  journal={The Journal of Neuroscience},
  volume={31},
  number={38},
  pages={13604--13612},
  year={2011},
  publisher={Soc Neuroscience}
}
@article{Sereno_1995,
	doi = {10.1126/science.7754376},
	year = 1995,
	month = {may},
	publisher = {American Association for the Advancement of Science ({AAAS})},
	volume = {268},
	number = {5212},
	pages = {889--893},
	author = {M. Sereno and A. Dale and J. Reppas and K. Kwong and J. Belliveau and T. Brady and B. Rosen and R. Tootell},
	title = {Borders of multiple visual areas in humans revealed by functional magnetic resonance imaging},
	journal = {Science}
}
@Article{Engel1997,
  Title                    = {Retinotopic organization in human visual cortex and the spatial precision of functional {MRI}},
  Author                   = {Engel, Stephen A and Glover, Gary H and Wandell, Brian A},
  Journal                  = {Cerebral Cortex},
  Year                     = {1997},
  Number                   = {2},
  Pages                    = {181--192},
  Volume                   = {7},

  File                     = {notes:Engel1997_notes.pdf:PDF},
  Owner                    = {fkaule},
  Publisher                = {Oxford Univ Press},
  Timestamp                = {2015.04.01}
}
@Article{SilverANDKastner2009,
	Title                    = {Topographic maps in human frontal and parietal cortex},
	Author                   = {Silver, Michael A and Kastner, Sabine},
	Journal                  = {Trends in Cognitive Sciences},
	Year                     = {2009},
	Number                   = {11},
	Pages                    = {488--495},
	Volume                   = {13},
	Owner                    = {fkaule},
	Publisher                = {Elsevier},
}
@article{Smith_2004,
  title = {{Advances in functional and structural MR image analysis and implementation as FSL.}},
  date = {2004},
  source = {NeuroImage},
  authors = {Smith, SM and Jenkinson, M and Woolrich, MW and Beckmann, CF and Behrens, TE and Johansen-Berg, H and Bannister, PR and De, Luca M and Drobnjak, I and Flitney, DE and Niazy, RK and Saunders, J and Vickers, J and Zhang, Y and De, Stefano N and Brady, JM and Matthews, PM},
  author = {Smith, SM and Jenkinson, M and Woolrich, MW and Beckmann, CF and Behrens, TE and Johansen-Berg, H and Bannister, PR and De, Luca M and Drobnjak, I and Flitney, DE and Niazy, RK and Saunders, J and Vickers, J and Zhang, Y and De, Stefano N and Brady, JM and Matthews, PM},
  year = {2004},
  month = {},
  journal = {NeuroImage},
  volume = {23 Suppl 1},
  number = {},
  pages = {S208-19},
  pubmed_id = {15501092},
}

@misc{HAK+16b,
  author       = {Michael Hanke and Nico AdelhÃ¶fer and Falko R. Kaule and Ayan Sengupta and J. Swaroop Guntupalli and Christian HÃ¤usler and Michael Hoffmann and Florian J. Baumgartner and JÃ¶rg Stadler},
  title        = {studyforrest-data-phase2},
  year         = 2016,
  doi          = {10.5281/zenodo.48421},
  howpublished = {GitHub/ZENODO}
}

@article{BPG+2010,
  title={Evaluating functional localizers: The case of the {FFA}},
  author={Berman, Marc G and Park, Joonkoo and Gonzalez, Richard and Polk, Thad A and Gehrke, Amanda and Knaffla, Scott and Jonides, John},
  journal={NeuroImage},
  volume={50},
  number={1},
  pages={56--71},
  year={2010},
  publisher={Elsevier}
}

@article{MRB+1995,
  title={Object-related activity revealed by functional magnetic resonance imaging in human occipital cortex},
  author={Malach, Rafael and Reppas, JB and Benson, RR and Kwong, KK and Jiang, H and Kennedy, WA and Ledden, PJ and Brady, TJ and Rosen, BR and Tootell, RB},
  journal={Proceedings of the National Academy of Sciences},
  volume={92},
  number={18},
  pages={8135--8139},
  year={1995},
  publisher={National Acad Sciences}
}

@article{EK1998,
  title={A cortical representation of the local visual environment},
  author={Epstein, Russell and Kanwisher, Nancy},
  journal={Nature},
  volume={392},
  number={6676},
  pages={598--601},
  year={1998},
  publisher={Nature Publishing Group}
}

@article{Kan2010,
  title={Functional specificity in the human brain: a window into the functional architecture of the mind},
  author={Kanwisher, Nancy},
  journal={Proceedings of the National Academy of Sciences},
  volume={107},
  number={25},
  pages={11163--11170},
  year={2010},
  publisher={National Acad Sciences}
}

@article{KMJ+1997,
  title={The fusiform face area: a module in human extrastriate cortex specialized for face perception},
  author={Kanwisher, Nancy and McDermott, Josh and Chun, Marvin M},
  journal={The Journal of Neuroscience},
  volume={17},
  number={11},
  pages={4302--4311},
  year={1997},
  publisher={Soc Neuroscience}
}

@article{NBH+2016,
  title={The integration of the internal and external milieu in the insula during dynamic emotional experiences},
  author={Nguyen, Vinh Thai and Breakspear, Michael and Hu, Xintao and Guo, Christine Cong},
  journal={NeuroImage},
  volume={124},
  pages={455--463},
  year={2016},
  publisher={Elsevier}
}

@incollection{CCY+2015,
title = {A Reduced-Dimension {fMRI} Shared Response Model},
author = {Chen, Po-Hsuan (Cameron) and Chen, Janice and Yeshurun, Yaara and Hasson, Uri and Haxby, James and Ramadge, Peter J},
booktitle = {Advances in Neural Information Processing Systems 28},
editor = {C. Cortes and N. D. Lawrence and D. D. Lee and M. Sugiyama and R. Garnett},
pages = {460--468},
year = {2015},
publisher = {Curran Associates, Inc.}
}

@article{HGH+2016,
  title={Decoding power-spectral profiles from {FMRI} brain activities during naturalistic auditory experience},
  author={Hu, Xintao and Guo, Lei and Han, Junwei and Liu, Tianming},
  journal={Brain Imaging and Behavior},
  pages={1--11},
  year={2016},
  publisher={Springer}
}

@article{PWD2011,
  title={The role of the occipital face area in the cortical face perception network},
  author={Pitcher, David and Walsh, Vincent and Duchaine, Bradley},
  journal={Experimental Brain Research},
  volume={209},
  number={4},
  pages={481--493},
  year={2011},
  publisher={Springer}
}

@article{WHH2012,
  title={The representation of self and person knowledge in the medial prefrontal cortex},
  author={Wagner, Dylan D and Haxby, James V and Heatherton, Todd F},
  journal={Wiley Interdisciplinary Reviews: Cognitive Science},
  volume={3},
  number={4},
  pages={451--470},
  year={2012},
  publisher={Wiley Online Library}
}

@article{NSM2011,
  title={Stimulus-Driven Orienting of Visuo-Spatial Attention in Complex Dynamic Environments},
  author={Nardo, D. and Santangelo, V. and Macaluso, E.},
  journal={Neuron},
  volume={69},
  number={5},
  pages={1015--1028},
  year={2011},
  publisher={Elsevier}
}
@article{AF2006,
  title={Meeting of minds: the medial frontal cortex and social cognition},
  author={Amodio, David M and Frith, Chris D},
  journal={Nature Reviews Neuroscience},
  volume={7},
  number={4},
  pages={268--277},
  year={2006},
  publisher={Nature Publishing Group}
}

@article{BLP2000,
  title={Cognitive and emotional influences in anterior cingulate cortex},
  author={Bush, George and Luu, Phan and Posner, Michael I},
  journal={Trends in Cognitive Sciences},
  volume={4},
  number={6},
  pages={215--222},
  year={2000},
  publisher={Elsevier}
}

@article{RWS+2004,
  title={Neurocognitive mechanisms of cognitive control: the role of prefrontal cortex in action selection, response inhibition, performance monitoring, and reward-based learning},
  author={Ridderinkhof, K Richard and van den Wildenberg, Wery PM and Segalowitz, Sidney J and Carter, Cameron S},
  journal={Brain and Cognition},
  volume={56},
  number={2},
  pages={129--140},
  year={2004},
  publisher={Elsevier}
}

@article{UDJ2014,
  title={Neurophysiology of performance monitoring and adaptive behavior},
  author={Ullsperger, Markus and Danielmeier, Claudia and Jocham, Gerhard},
  journal={Physiological reviews},
  volume={94},
  number={1},
  pages={35--79},
  year={2014},
  publisher={Am Physiological Soc}
}

@article{CHV2013,
  title={Cognitive and affective theory of mind share the same local patterns of activity in posterior temporal but not medial prefrontal cortex},
  author={Corradi-Dell'Acqua, Corrado and Hofstetter, Christoph and Vuilleumier, Patrik},
  journal={Social Cognitive and Affective Neuroscience},
  pages={nst097},
  year={2013},
  publisher={Oxford University Press}
}

@article{SRA+2014,
  title={Fractionating theory of mind: A meta-analysis of functional brain imaging studies},
  author={Schurz, Matthias and Radua, Joaquim and Aichhorn, Markus and Richlan, Fabio and Perner, Josef},
  journal={Neuroscience \& Biobehavioral Reviews},
  volume={42},
  pages={9--34},
  year={2014},
  publisher={Elsevier}
}

@article{LGS+2012,
  title={Naturalistic {fMRI} Mapping Reveals Superior Temporal Sulcus as the Hub for the Distributed Brain Network for Social Perception},
  author={Lahnakoski, Juha Marko and Glerean, Enrico and Salmi, Juha and J{\"a}{\"a}skel{\"a}inen, Iiro P and Sams, Mikko and Hari, Riitta and Nummenmaa, Lauri},
  journal={Frontiers in Human Neuroscience},
  volume={6},
  pages={233},
  year={2012},
  publisher={Frontiers}
}

@article{RB2014,
  title={Face processing regions are sensitive to distinct aspects of temporal sequence in facial dynamics},
  author={Reinl, Maren and Bartels, Andreas},
  journal={NeuroImage},
  volume={102},
  pages={407--415},
  year={2014},
  publisher={Elsevier}
}

@article{KIH2011,
  title={Functional cliques in the amygdala and related brain networks driven by fear assessment acquired during movie viewing},
  author={Kinreich, Sivan and Intrator, Nathan and Hendler, Talma},
  journal={Brain Connectivity},
  volume={1},
  number={6},
  pages={484--495},
  year={2011},
  publisher={Mary Ann Liebert, Inc. 140 Huguenot Street, 3rd Floor New Rochelle, NY 10801 USA}
}

@article{SKM+2013,
  title={Decoding humor experiences from brain activity of people viewing comedy movies},
  author={Sawahata, Yasuhito and Komine, Kazuteru and Morita, Toshiya and Hiruma, Nobuyuki},
  journal={PloS One},
  volume={8},
  number={12},
  pages={e81009},
  year={2013},
  publisher={Public Library of Science}
}

@article{HGO+2005,
  title={Attention and emotion: does rating emotion alter neural responses to amusing and sad films?},
  author={Hutcherson, CA and Goldin, PR and Ochsner, KN and Gabrieli, JD and Barrett, L Feldman and Gross, JJ},
  journal={NeuroImage},
  volume={27},
  number={3},
  pages={656--668},
  year={2005},
  publisher={Elsevier}
}

@article{KAB2011,
  title={Film excerpts shown to specifically elicit various affects lead to overlapping activation foci in a large set of symmetrical brain regions in males},
  author={Karama, Sherif and Armony, Jorge and Beauregard, Mario},
  journal={PLoS One},
  volume={6},
  number={7},
  pages={e22343},
  year={2011},
  publisher={Public Library of Science}
}

@article{RWJ+2012,
  title={Portraying emotions at their unfolding: a multilayered approach for probing dynamics of neural networks},
  author={Raz, Gal and Winetraub, Yonatan and Jacob, Yael and Kinreich, Sivan and Maron-Katz, Adi and Shaham, Galit and Podlipsky, Ilana and Gilam, Gadi and Soreq, Eyal and Hendler, Talma},
  journal={NeuroImage},
  volume={60},
  number={2},
  pages={1448--1461},
  year={2012},
  publisher={Elsevier}
}

@article{LRA+1997,
  title={Neuroanatomical correlates of happiness, sadness, and disgust},
  author={Lane, Richard D and Reiman, Eric M and Ahern, Geoffrey L and Schwartz, Gary E and Davidson, Richard J},
  journal={American Journal of Psychiatry},
  volume={154},
  number={7},
  pages={926--933},
  year={1997},
  publisher={Am Psychiatric Assoc}
}

@article{GSG+2012,
  title={Tracking emotional valence: the role of the orbitofrontal cortex},
  author={Goodkind, Madeleine S and Sollberger, Marc and Gyurak, Anett and Rosen, Howard J and Rankin, Katherine P and Miller, Bruce and Levenson, Robert},
  journal={Human Brain Mapping},
  volume={33},
  number={4},
  pages={753--762},
  year={2012},
  publisher={Wiley Online Library}
}

@Article{Wang2014,
	Title                    = {Probabilistic Maps of Visual Topography in Human Cortex},
	Author                   = {Wang, Liang and Mruczek, Ryan EB and Arcaro, Michael J and Kastner, Sabine},
	Journal                  = {Cerebral Cortex},
	Year                     = {2014},
	Pages                    = {bhu277},
	Keywords                 = {atlas, cortical organization, functional magnetic resonance imaging, mapping, topography},
	Publisher                = {Oxford Univ Press}
}


@Article{VanEssen2001a,
Title                    = {Mapping visual cortex in monkeys and humans using surface-based atlases},
Author                   = {Van Essen, David C and Lewis, James W and Drury, Heather A and Hadjikhani, Nouchine and Tootell, Roger BH and Bakircioglu, Muge and Miller, Michael I},
Journal                  = {Vision research},
Year                     = {2001},
Number                   = {10},
Pages                    = {1359--1378},
Volume                   = {41},
Keywords                 = {Architectonic; Maps; Probabilistic; Visual areas; Visual topography},
Publisher                = {Elsevier}
}

@article{WSH1996,
  title={Relative effectiveness and validity of mood induction procedures: analysis},
  author={Westermann, Rainer and Stahl, Gunter and Hesse, F.},
  journal={European Journal of Social Psychology},
  volume={26},
  pages={557--580},
  year={1996}
}

@article{Ray2007,
  title={Emotion elicitation using films},
  author={Ray, Rebecca D},
  journal={Handbook of emotion elicitation and assessment},
  pages={9--28},
  year={2007}
}

@article{BGH+2011,
  title={Large-scale remapping of visual cortex is absent in adult humans with macular degeneration},
  author={Baseler, Heidi A and Gouws, Andr{\'e} and Haak, Koen V and Racey, Christopher and Crossland, Michael D and Tufail, Adnan and Rubin, Gary S and Cornelissen, Frans W and Morland, Antony B},
  journal={Nature Neuroscience},
  volume={14},
  number={5},
  pages={649--655},
  year={2011},
  publisher={Nature Publishing Group}
}

@article{HH2016,
  author={Christian Olaf HÃ¤usler and Michael Hanke},
 year=2016,
 title={An annotation of cuts, depicted locations, and temporal progression in the motion picture "{Forrest Gump}"},
 journal={F1000Research},
 volume={5:2273}
}


@article{HAK+16,
	author = {Michael Hanke and Nico AdelhÃ¶fer and Daniel Kottke and Vittorio Iacovella and Ayan Sengupta and Falko R. Kaule and Roland Nigbur and Alexander Q. Waite and Florian J. Baumgartner and J\"org Stadler},
	journal = {Scientific Data},
	title = {A studyforrest extension, simultaneous {fMRI} and eye gaze recordings during prolonged natural stimulation},
	year = {2016}
}

@article{AEH+03,
   author = {Attardo, S. and Eisterhold, J. and Hay, J. and Poggi, I.},
   year = 2003,
   title = {Multimodal markers of irony and sarcasm},
   journal = {Humor},
   volume = 16,
   pages = {243--260}
}

@article{Han2004,
	author = {Hancock, J. T.},
	year = 2004,
	title = {Verbal irony use in face-to-face and computer-mediated conversations},
	journal = {Journal of Language and Social Psychology},
	volume = 23,
	pages = {447--463}
}

@article{Fle71,
	author = {Fleiss, J. L.},
	year = 1971,
	title = {Measuring nominal scale agreement among many raters},
	journal = {Psychological Bulletin},
	volume = 76,
	pages = {378--382}
}

@article{LK77,
	author = {Landis, J. R. and Koch, G. G.},
	year = 1977,
	title = {The measurement of observer agreement for categorical data},
	journal = {Biometrics},
	volume = 33,
	pages = {159--174}
}
